@article{Aaij:2012zh,
      author         = "Aaij, R. and others",
      title          = "{First evidence for the annihilation decay mode $\Bp\to\Dsp\phiz$}",
      collaboration  = "LHCb collaboration",
      journal        = "JHEP",
      volume         = "02",
      pages          = "043",
      doi            = "10.1007/JHEP02(2013)043",
      year           = "2013",
      eprint         = "1210.1089",
      archivePrefix  = "arXiv",
      primaryClass   = "hep-ex",
      report         = "CERN-PH-EP-2012-286, LHCb-PAPER-2012-025",
      SLACcitation   = "%%CITATION = ARXIV:1210.1089;%%",
}

@lhcbreport{Carson:1445274,
      author        = "Carson, Laurence and Hall, Sam and Williams, Mike",
      title         = "{First evidence for the annihilation decay mode $B^{+} \to D_{s}^{+} \phi$}",
      month         = "Mar",
      year          = "2016",
      number        = "LHCb-ANA-2012-052",
      url           = "https://cds.cern.ch/record/1445274",
}

@lhcbreport{Borchardt:2017848,
      author        = "Borchardt, Rainer and Stahl, Marian and Vesterinen, Mika and Hill, Donal and John, Malcolm",
      title         = "{Measurement of the $B^{\pm}$ production asymmetry and the CP asymmetry in $B^{\pm} \to J/\psi K^{\pm}$ decays}",
      month         = "May",
      year          = "2015",
      number        = "LHCb-ANA-2015-030",
      url           = "https://cds.cern.ch/record/2017848",
}

@article{Aaij:2015A,
      author         = "Aaij, R and others",
      title          = "{First observation of rare $B^{+} \to D^{+} K^{+} \pi^{-}$ decay}",
      collaboration  = "LHCb",
      journal        = "PRD",
      year           = "2015",
      eprint         = "1512.0249",
      archivePrefix  = "arXiv",
      primaryClass   = "hep-ex",
      reportNumber   = "CERN-PH-EP-2015-313, LHCB-PAPER-2015-054"
}

@article{Aaij:2014D0KK,
      author         = "Aaij, R and others",
      title          = "{Measurement of CP asymmetry in $D^{0} \to K^{-}K{+}$ and $D^{0} \to 'pi^{-}\pi{+}$ decays}",
      collaboration  = "LHCb",
      journal        = "JHEP",
      volume         = "041",
      year           = "2014",
      eprint         = "1405.2729",
      archivePrefix  = "arXiv",
      primaryClass   = "hep-ex",
      reportNumber   = "CERN-PH-EP-2014-082, LHCB-PAPER-2014-013"
}
@article{Aaij:2012DsDs,
      author         = "Aaij, R and others",
      title          = "{Measurement of the $D_{s}^{+}-D_{s}^{-}$ production asymmetry in 7 TeV pp collisions}",
      collaboration  = "LHCb",
      journal        = "Phys. Lett.",
      volume         = "B713",
      year           = "2012",
      eprint         = "1205.0897",
      archivePrefix  = "arXiv",
      primaryClass   = "hep-ex",
      reportNumber   = "CERN-PH-EP-2012-114, LHCB-PAPER-2012-009"
}

@article{Zou:2009zza,
      author         = "Zou, Hao and Li, Run-Hui and Wang, Xiao-Xia and Lu,
                        Cai-Dian",
      title          = "{The CKM suppressed $\decay{B(B_s)}{\Db_{(s)}P, \Db_{(s)}V,\Db^{*}_{(s)}P, \Db^{*}_{(s)}V}$ decays in perturbative QCD approach}",
      journal        = "J.Phys.",
      volume         = "G37",
      year           = "2010",
      pages          = "015002",
      doi            = "10.1088/0954-3899/37/1/015002",
      eprint         = "0908.1856",
      archivePrefix  = "arXiv",
      primaryClass   = "hep-ph",
      SLACcitation   = "%%CITATION = ARXIV:0908.1856;%%"
}

@article{Mohanta:2002wf,
      author         = "Mohanta, Rukmani",
      title          = "{Searching for new physics in the rare decay $B^{+} \to
                        D_s^+ \phi$}",
      journal        = {Phys. Lett.},
      volume         = "B540",
      year           = "2002",
      pages          = "241-246",
      doi            = "10.1016/S0370-2693(02)02173-1",
      eprint         = "hep-ph/0205297",
      archivePrefix  = "arXiv",
      primaryClass   = "hep-ph",
      SLACcitation   = "%%CITATION = HEP-PH/0205297;%%"
}

@article{Mohanta:2007uu,
      author         = "Mohanta, R. and Giri, A. K.",
      title          = "{Possible signatures of unparticles in rare annihilation
                        type B decays}",
      journal        = "Phys. Rev.",
      volume         = "D76",
      year           = "2007",
      pages          = "057701",
      doi            = "10.1103/PhysRevD.76.057701",
      eprint         = "0707.3308",
      archivePrefix  = "arXiv",
      primaryClass   = "hep-ph",
      SLACcitation   = "%%CITATION = ARXIV:0707.3308;%%"
}

@article{Lu:2001yz,
      author         = "Lu, Cai-Dian",
      title          = "{Calculation of pure annihilation type decay \decay{\Bp}{\Dsp\phiz}}",
      journal        = {Eur.Phys.J.},
      volume         = "C24",
      year           = "2002",
      pages          = "121-126",
      doi            = "10.1007/s100520200929",
      eprint         = "hep-ph/0112127",
      archivePrefix  = "arXiv",
      primaryClass   = "hep-ph",
      SLACcitation   = "%%CITATION = HEP-PH/0112127;%%"
}

@lhcbreport{DfromB_INT,
author = "M. Williams",
title = "{Generic D from B Selections}",
year = "2012",
number = "LHCb-INT-2012-002",
}


@techreport{Gandini:2001930,
      author        = "Gandini, Paolo",
      title         = "{New PDFs for partially reconstructed backgrounds in $B
                       \rightarrow DX$ decays}",
      institution   = "CERN",
      address       = "Geneva",
      number        = "LHCb-INT-2015-007. CERN-LHCb-INT-2015-007",
      month         = "Mar",
      year          = "2015",
      reportNumber  = "LHCb-INT-2015-007",
      url           = "https://cds.cern.ch/record/2001930",
}

@article{Hill:1747788,
      author        = "Hill, Donal and John, Malcolm and Hussain, Nazim and
                       Wilkinson, Guy and Evans, Timothy David and Malde, Sneha
                       Sirirshkumar",
      title         = "{Analysis of $B^{\pm} \rightarrow D h^{\pm}$ with
                       $D\rightarrow K\pi,KK,\pi\pi, K\pi\pi\pi, \pi\pi\pi\pi$
                       final states}",
      month         = "Jan",
      year          = "2016",
      reportNumber  = "LHCb-ANA-2014-071",
      url           = "https://cds.cern.ch/record/1747788",
}

@lhcbreport{B2Dh_ANA,
author = "Hill, Donal and John, Malcolm and Hussain, Nazim and
          Wilkinson, Guy and Evans, Timothy David and Malde, Sneha Sirirshkumar",
title = "{Analysis of $B^{\pm} \rightarrow D h^{\pm}$ with
                       $D\rightarrow K\pi,KK,\pi\pi, K\pi\pi\pi, \pi\pi\pi\pi$
                       final states}",
month         = "Jan",
year = "2016",
number = "LHCb-ANA-2014-071",
url           = "https://cds.cern.ch/record/1747788",
}


@lhcbreport{Cheung:2062916,
      author        = "Cheung, Faye and Malde, Sneha Sirirshkumar and Wilkinson,
                       Guy",
      title         = "{The measurement of the CKM angle $\gamma$ using the
                       decays $B^0 \to D[K_\mathrm{S}^0\pi\pi] K^{*0}$ and $B^0
                       \to D[K_\mathrm{S}^0 KK] K^{*0}$}",
      month         = "Mar",
      year          = "2016",
      number        = "LHCb-ANA-2015-060",
      url           = "https://cds.cern.ch/record/2062916",
}

@article{Wilks:1938du,
      author         = "Wilks, S. S",
      title          = "{The Large-Sample Distribution of the Likelihood Ratio for Testing Composite Hypotheses.}",
      journal        = "Ann. Math. Statist.",
      volume         = "9",
      year           = "1938",
      pages          = "60-62",
      doi            = "10.1214/aoms/1177732360"
}


@article{Aubert:2006xy,
      author         = "Aubert, Bernard and others",
      title          = "{Evidence for the rare decay $B^{+} \to D^+_{s} \pi^0$}",
      collaboration  = "BaBar collaboration",
      journal        = "Phys. Rev. Lett.",
      volume         = "98",
      year           = "2007",
      pages          = "171801",
      doi            = "10.1103/PhysRevLett.98.171801",
      eprint         = "hep-ex/0611030",
      archivePrefix  = "arXiv",
      primaryClass   = "hep-ex",
      reportNumber   = "SLAC-PUB-12197, BABAR-CONF-06-066",
      SLACcitation   = "%%CITATION = HEP-EX/0611030;%%"
}

@article{Gronau:2012gs,
      author         = "Gronau, Michael and London, David and Rosner, Jonathan
                        L.",
      title          = "{Rescattering contributions to rare B-meson decays}",
      journal        = "Phys. Rev.",
      volume         = "D87",
      year           = "2013",
      pages          = "036008",
      doi            = "10.1103/PhysRevD.87.036008",
      eprint         = "1211.5785",
      archivePrefix  = "arXiv",
      primaryClass   = "hep-ph",
      SLACcitation   = "%%CITATION = ARXIV:1211.5785;%%"
}


@article{Read:2002hq,
      author         = "Read, Alexander L.",
      title          = "{Presentation of search results: The CLs technique}",
      booktitle      = "{Advanced Statistical Techniques in Particle Physics.
                        Proceedings, Conference, Durham, UK, March 18-22, 2002}",
      journal        = "J. Phys.",
      volume         = "G28",
      year           = "2002",
      pages          = "2693-2704",
      doi            = "10.1088/0954-3899/28/10/313",
      SLACcitation   = "%%CITATION = JPAGA,G28,2693;%%"
}

@article{Junk:1999kv,
      author         = "Junk, Thomas",
      title          = "{Confidence level computation for combining searches with
                        small statistics}",
      journal        = "Nucl. Instrum. Meth.",
      volume         = "A434",
      year           = "1999",
      pages          = "435-443",
      doi            = "10.1016/S0168-9002(99)00498-2",
      eprint         = "hep-ex/9902006",
      archivePrefix  = "arXiv",
      primaryClass   = "hep-ex",
      reportNumber   = "CARLETON-OPAL-PHYS-99-01, CERN-EP-99-041",
      SLACcitation   = "%%CITATION = HEP-EX/9902006;%%"
}


@article{fB:2013HPQCD,
      author         = "Dowdall, R.J. and Davies, C.T.H. and Horgan, R.R. and Monahan, C.J. and Shigemitsu, J.",
      title          = "{$B$-meson decay constants from improved lattice nonrelativistic QCD and physical $u$, $d$, $s$ and $c$
quarks}",
      collaboration  = "HPQCD collaboration",
      journal        = "Phys.Rev.Lett.",
      volume         = "110",
      pages          = "222003",
      doi            = "10.1103/PhysRevLett.110.222003",
      year           = "2013",
      eprint         = "1302.2644",
      archivePrefix  = "arXiv",
      primaryClass   = "hep-lat",
}

@article{fB:2016ETM,
      title          = "{Mass of the $b$ quark and $B$-meson decay constants from ${N}_{f}=2+1+1$ twisted-mass lattice QCD}",
      author         = "Bussone, A. and Carrasco, N. and Dimopoulos, P. and Frezzotti, R. and Lami, P. and Lubicz, V. and Picca, E. and Riggio, L. and Rossi, G.C. and Simula, S. and Tarantino, C. ",
      collaboration  = "ETM collaboration",
      journal        = "Phys.Rev.",
      volume         = "D93",
      pages          = "114505",
      doi            = "10.1103/PhysRevD.93.114505",
      year           = "2016",
      eprint         = "1603.04306",
      archivePrefix  = "arXiv",
      primaryClass   = "hep-lat",
}

@article{fB:2016Fermi,
      title          = "{$B^{0}_{(s)}$-mixing matrix elements from lattice QCD for the Standard Model and beyond}",
      author         = "Bazavov, A. and Bernard, C. and Bouchard, C. M. and Chang, C. C. and DeTar, C. and Du, Daping and El-Khadra, A. X. and Freeland, E. D. and Gamiz, E. and Gottlieb,  Steven and Heller, U. M. and Kronfeld, A. S. and Laiho, J. and Mackenzie, P. B. and Neil, E. T. and Simone, J. and Sugar, R. and Toussaint, D. and Van de Water, R. S. and Zhou, Ran",
      collaboration  = "Fermilab Lattice and MILC collaborations",
      journal        = "Phys.Rev.",
      volume         = "D93",
      pages          = "113016",
      doi            = "10.1103/PhysRevD.93.113016",
      year           = "2016",
      eprint         = "1602.03560",
      archivePrefix  = "arXiv",
      primaryClass   = "hep-lat",
}

@article{FeldmanCousins,
      title          = "{A unified approach to the classical statistical analysis of small signals}",
      author         = "Feldman, G.J. and Cousins, R. D.",
      journal        = "Phys.Rev.",
      volume         = "D57",
      pages          = "3873",
      doi            = "10.1103/PhysRevD.57.3873",
      year           = "1998",
      eprint         = "physics/9711021",
      archivePrefix  = "arXiv",
}

@article{plugin,
      title          = "{On the unified method with nuisance parameters}",
      author         = "Sen, B. and Walker, M. and Woodroofe, M.",
      journal        = "Statistica Sinica",
      volume         = "19",
      pages          = "301",
      year           = "2009",
}

@article{RelBWPhysRev.49.519,
  title = "{Capture of Slow Neutrons}",
  author = {Breit, G. and Wigner, E.},
  journal = {Phys. Rev.},
  volume = {49},
  issue = {7},
  pages = {519--531},
  numpages = {0},
  year = {1936},
  month = {Apr},
  publisher = {American Physical Society},
  doi = {10.1103/PhysRev.49.519},
  url = {https://link.aps.org/doi/10.1103/PhysRev.49.519}
}

@article{FLATTE1976224,
title = "{Coupled-channel analysis of the $\pi\eta$ and KK systems near KK threshold}",
journal = "Physics Letters B",
volume = "63",
number = "2",
pages = "224 - 227",
year = "1976",
issn = "0370-2693",
doi = "https://doi.org/10.1016/0370-2693(76)90654-7",
url = "http://www.sciencedirect.com/science/article/pii/0370269376906547",
author = "S.M. Flatté"
}


      
@article{Meerkat,
  author={A. Poluektov},
  title="{Kernel density estimation of a multidimensional efficiency profile}",
  journal={Journal of Instrumentation},
  volume={10},
  number={02},
  pages={P02011},
  url={http://stacks.iop.org/1748-0221/10/i=02/a=P02011},
  year={2015},
  doi = "10.1088/1748-0221/10/02/P02011",
  eprint         = "1411.5528",
  archivePrefix  = "arXiv",
  primaryClass   = "physics.data-an",

}

@techreport{PIDCalib,
      author        = "Anderlini, Lucio and Contu, Andrea and Jones, Christopher
                       Rob and Malde, Sneha Sirirshkumar and Muller, Dominik and
                       Ogilvy, Stephen and Otalora Goicochea, Juan Martin and
                       Pearce, Alex and Polyakov, Ivan and Qian, Wenbin and
                       Sciascia, Barbara and Vazquez Gomez, Ricardo and Zhang,
                       Yanxi",
      title         = "{The PIDCalib package}",
      institution   = "CERN",
      address       = "Geneva",
      number        = "LHCb-PUB-2016-021. CERN-LHCb-PUB-2016-021",
      month         = "Jul",
      year          = "2016",
      reportNumber  = "LHCb-PUB-2016-021",
      url           = "http://cds.cern.ch/record/2202412",
}

@article{HAEFELI2006494,
title = "{The LHCb DAQ interface board TELL1}",
journal = "Nuclear Instruments and Methods in Physics Research Section A: Accelerators, Spectrometers, Detectors and Associated Equipment",
volume = "560",
number = "2",
pages = "494 - 502",
year = "2006",
issn = "0168-9002",
doi = "https://doi.org/10.1016/j.nima.2005.12.212",
url = "http://www.sciencedirect.com/science/article/pii/S0168900205026100",
author = "G. Haefeli and A. Bay and A. Gong and H. Gong and M. Muecke and N. Neufeld and O. Schneider",
keywords = "LHCb, CERN, Electronics, DAQ, FPGA, Gigabit Ethernet, Silicon strip detectors, Common mode, Zero suppression"
}

@article{Rinnert:2015uns,
      author         = "Rinnert, Kurt",
      title          = "{LHCb siliicon detectors: the Run 1 to Run 2 transition
                        and first experience of Run 2}",
      booktitle      = "{Proceedings, 24th International Workshop on Vertex
                        Detectors (Vertex 2015): Santa Fe, New Mexico, USA, June
                        1-5, 2015}",
      collaboration  = "LHCb VELO, ST",
      journal        = "PoS",
      volume         = "VERTEX2015",
      year           = "2015",
      pages          = "004",
      SLACcitation   = "%%CITATION = POSCI,VERTEX2015,004;%%"
}

@article{doi:1765047,
  author={Machikhiliyan,Irina},
  title="{The calibration of an LHCb electromagnetic calorimeter by recovering the invariant mass of neutral pions}",
  journal={Moscow University Physics Bulletin},
  volume={68},
  number={5},
  pages={360},
  url={http://dx.doi.org/10.3103/S0027134913050032},
  year={2013},
  abstract={}
}

@article{1742-6596-293-1-012059,
  author={Ricardo Vazquez Gomez and the LHCb collaboration},
  title="{Commissioning of the Scintillator Pad Detector of LHCb with cosmic rays and first LHC collisions}",
  journal={Journal of Physics: Conference Series},
  volume={293},
  number={1},
  pages={012059},
  url={http://stacks.iop.org/1742-6596/293/i=1/a=012059},
  year={2011},
  abstract={The Scintillator Pad Detector is part of the LHCb calorimeter system which includes a pre-shower with 2.5 radiation length, an electromagnetic and an hadronic calorimeter. The goal of the Scintillator Pad Detector situated upstream of the calorimeters is to tag charged particles entering the calorimeter system. This contribution discusses the requirements for the synchronization and calibration of the SPD detector. The requirements, methods and precisions obtained at the several stages are presented.}
}

      
@article{1711.09854,
  author={John Back and Tim Gershon and Paul Harrison and Thomas Latham and Daniel O'Hanlon and Wenbin Qian and Pablo del Amo Sanchez and Daniel Craik and Jelena Ilic and Juan Otalora Goicochea and Eugenia Puccio and Rafael Silva Coutinho and Mark Whitehead},
  title = "{Laura++ : a Dalitz plot fitter}",
  year={2017},
  eprint         = "1711.09854",
  archivePrefix  = "arXiv",
  primaryClass   = "hep-ex",
}

@Article{Cowan2011,
author="Cowan, Glen
and Cranmer, Kyle
and Gross, Eilam
and Vitells, Ofer",
title="{Asymptotic formulae for likelihood-based tests of new physics}",
journal="The European Physical Journal C",
year="2011",
month="Feb",
day="09",
volume="71",
number="2",
pages="1554",
abstract="We describe likelihood-based statistical tests for use in high energy physics for the discovery of new phenomena and for construction of confidence intervals on model parameters. We focus on the properties of the test procedures that allow one to account for systematic uncertainties. Explicit formulae for the asymptotic distributions of test statistics are derived using results of Wilks and Wald. We motivate and justify the use of a representative data set, called the ``Asimov data set'', which provides a simple method to obtain the median experimental sensitivity of a search or measurement as well as fluctuations about this expectation.",
issn="1434-6052",
doi="10.1140/epjc/s10052-011-1554-0",
url="https://doi.org/10.1140/epjc/s10052-011-1554-0"
}

@article{BRUN199781,
title = "{ROOT — An object oriented data analysis framework}",
journal = "Nuclear Instruments and Methods in Physics Research Section A: Accelerators, Spectrometers, Detectors and Associated Equipment",
volume = "389",
number = "1",
pages = "81 - 86",
year = "1997",
note = "New Computing Techniques in Physics Research V",
issn = "0168-9002",
doi = "https://doi.org/10.1016/S0168-9002(97)00048-X",
url = "http://www.sciencedirect.com/science/article/pii/S016890029700048X",
author = "Rene Brun and Fons Rademakers"
}
@article{Roofit,
  author={Wouter Verkerke and David Kirkby},
  title = "{The RooFit toolkit for data modeling}",
  year={2003},
  eprint         = "physics/0306116",
  archivePrefix  = "arXiv",
  primaryClass   = "physics.data-an",
}
@article{Roostats,
  author={Lorenzo Moneta and Kevin Belasco and Kyle Cranmer and Sven Kreiss and Alfio Lazzaro and Danilo Piparo and Gregory Schott and Wouter Verkerke and Matthias Wolf},
  title = "{The RooStats Project}",
  year={2010},
  eprint         = "1009.1003",
  archivePrefix  = "arXiv",
  primaryClass   = "physics.data-an",
}

@article{Kalmanone,
  title  = "{A New Approach to Linear Filtering and Prediction Problems}",
  author = {Kalman, R.  E.},
  journal = "Journal of Basic Engineering",
  year = {1960},
  volume = "82",
  number = "1",
  pages = "35-45",
  month = "03",
  doi   = "https://doi.org/10.1115/1.3662552",
}

@article{FRUHWIRTH1987444,
title = "{Application of Kalman filtering to track and vertex fitting}",
journal = "Nuclear Instruments and Methods in Physics Research Section A: Accelerators, Spectrometers, Detectors and Associated Equipment",
volume = "262",
number = "2",
pages = "444 - 450",
year = "1987",
issn = "0168-9002",
doi = "https://doi.org/10.1016/0168-9002(87)90887-4",
url = "http://www.sciencedirect.com/science/article/pii/0168900287908874",
author = "R. Frühwirth"
}
@article{1742-6596-664-8-082004,
  author={Sean Benson and Vladimir Gligorov and Mika Anton Vesterinen and John Michael Williams},
  title="{The LHCb Turbo Stream}",
  journal={Journal of Physics: Conference Series},
  volume={664},
  number={8},
  pages={082004},
  url={http://stacks.iop.org/1742-6596/664/i=8/a=082004},
  year={2015},
}
  
    
@article{1748-0221-12-07-C07024,
  author={Yu. Guz},
  title="{The LHCb Calorimeter system: design, performance and upgrade}",
  journal={Journal of Instrumentation},
  volume={12},
  number={07},
  pages={C07024},
  url={http://stacks.iop.org/1748-0221/12/i=07/a=C07024},
  year={2017},
  abstract={The design of the LHCb Calorimeter System and its performance during the LHC Run I (2010–2012) and Run II (2015–2016) are presented. The effects of detector ageing and radiation degradation are discussed, as well as improvements in the monitoring and calibration procedures intended to compensate the detector ageing employed for the LHC Run II. Finally, the plans for LHCb Calorimeter system upgrades for the LHC LS2 (2019–2020) and beyond are discussed.}
}
  
@article{PAPANESTIS2017221,
title = "{Performance of the LHCb RICH detectors during the LHC Run II}",
journal = "Nuclear Instruments and Methods in Physics Research Section A: Accelerators, Spectrometers, Detectors and Associated Equipment",
volume = "876",
pages = "221 - 224",
year = "2017",
note = "The 9th international workshop on Ring Imaging Cherenkov Detectors (RICH2016)",
issn = "0168-9002",
doi = "https://doi.org/10.1016/j.nima.2017.03.009",
url = "http://www.sciencedirect.com/science/article/pii/S0168900217303340",
author = "A. Papanestis and C. D'Ambrosio",
keywords = "Cherenkov radiation, LHCb RICH"
}

@article{VanDerMeer,
  title = "{Calibration of the effective beam height in the ISR}",
  author = "van der Meer, Simon",
  year = "1968",
  report = "{CERN-ISR-PO68-31}",
}

@article{1748-0221-9-12-P12005,
  author="{The LHCb collaboration}",
  title="{Precision luminosity measurements at LHCb}",
  journal={Journal of Instrumentation},
  volume={9},
  number={12},
  pages={P12005},
  url={http://stacks.iop.org/1748-0221/9/i=12/a=P12005},
  year={2014},
  abstract={Measuring cross-sections at the LHC requires the luminosity to be determined accurately at each centre-of-mass energy √ s . In this paper results are reported from the luminosity calibrations carried out at the LHC interaction point 8 with the LHCb detector for √ s = 2.76, 7 and 8 TeV (proton-proton collisions) and for √ s NN = 5 TeV (proton-lead collisions). Both the "van der Meer scan" and "beam-gas imaging" luminosity calibration methods were employed. It is observed that the beam density profile cannot always be described by a function that is factorizable in the two transverse coordinates. The introduction of a two-dimensional description of the beams improves significantly the consistency of the results. For proton-proton interactions at √ s = 8 TeV a relative precision of the luminosity calibration of 1.47% is obtained using van der Meer scans and 1.43% using beam-gas imaging, resulting in a combined precision of 1.12%. Applying the calibration to the full data set determines the luminosity with a precision of 1.16%. This represents the most precise luminosity measurement achieved so far at a bunched-beam hadron collider.}
}

@Proceedings{Hadavizadeh:IPAC2017-MOPAB131,
  author       = {T.B. Hadavizadeh and others},
  title        = {{T}ransverse {E}mittance {M}easurements {U}sing {LHC}b's {B}eam{-G}as {I}nteractions},
  booktitle    = {Proc. of International Particle Accelerator Conference (IPAC'17),
                  Copenhagen, Denmark, 14-19 May, 2017},
  pages        = {441--444},
  paper        = {MOPAB131},
  language     = {english},
  keywords     = {detector, emittance, real-time, experiment, operation},
  venue        = {Copenhagen, Denmark},
  series       = {International Particle Accelerator Conference},
  number       = {8},
  publisher    = {JACoW},
  address      = {Geneva, Switzerland},
  month        = {May},
  year         = {2017},
  isbn         = {978-3-95450-182-3},
  doi          = {10.18429/JACoW-IPAC2017-MOPAB131},
  url          = {http://jacow.org/ipac2017/papers/mopab131.pdf},
}

@article{electron,
  author  = "Thomson, J. J.",
  title   = "{Cathode rays}",
  journal = "The Electrician",
  pages   = "104",
  year    = "1897",
  volume  = "39",
  note    = "(Friday evening meeting of the Royal Institution, 30 April 1897)",
}

@article{Rutherford:1911zz,
      author         = "Rutherford, E.",
      title          = "{The scattering of alpha and beta particles by matter and
                        the structure of the atom}",
      journal        = "Phil. Mag. Ser.6",
      volume         = "21",
      year           = "1911",
      pages          = "669-688",
      doi            = "10.1080/14786440508637080",
      SLACcitation   = "%%CITATION = INSPIRE-45404;%%"
}

@article{Chadwick:1932ma,
      author         = "Chadwick, J.",
      title          = "{Possible Existence of a Neutron}",
      journal        = "Nature",
      volume         = "129",
      year           = "1932",
      pages          = "312",
      doi            = "10.1038/129312a0",
      SLACcitation   = "%%CITATION = NATUA,129,312;%%"
}
@article{193548,
  title   ="{On the Interaction of Elementary Particles. I}",
  author  ={Hideki Yukawa},
  journal ={Proceedings of the Physico-Mathematical Society of Japan. 3rd Series},
  volume  ={17},
  pages   ={48-57},
  year    ={1935},
  doi     ={10.11429/ppmsj1919.17.0_48}
}

@article{Lattes:1947mw,
      author         = "Lattes, C. M. G. and Muirhead, H. and Occhialini, G. P.
                        S. and Powell, C. F.",
      title          = "PROCESSES INVOLVING CHARGED MESONS",
      booktitle      = "{International Conference to Celebrate the 40th
                        Anniversary of the Pion (40 PI) Bristol, England, July
                        22-24, 1987}",
      journal        = "Nature",
      volume         = "159",
      year           = "1947",
      pages          = "694-697",
      doi            = "10.1038/159694a0",
      note           = "[42(1947)]",
      SLACcitation   = "%%CITATION = NATUA,159,694;%%"
}
@article{Lattes:1947mx,
      author         = "Lattes, C. M. G. and Occhialini, G. P. S. and Powell, C.
                        F.",
      title          = "{Observations on the Tracks of Slow Mesons in
                        Photographic Emulsions. 1}",
      booktitle      = "{International Conference to Celebrate the 40th
                        Anniversary of the Pion (40 PI) Bristol, England, July
                        22-24, 1987}",
      journal        = "Nature",
      volume         = "160",
      year           = "1947",
      pages          = "453-456",
      doi            = "10.1038/160453a0",
      note           = "[99(1947)]",
      SLACcitation   = "%%CITATION = NATUA,160,453;%%"
}
@article{GellMann:1964nj,
      author         = "Gell-Mann, Murray",
      title          = "{A Schematic Model of Baryons and Mesons}",
      journal        = "Phys. Lett.",
      volume         = "8",
      year           = "1964",
      pages          = "214-215",
      doi            = "10.1016/S0031-9163(64)92001-3",
      SLACcitation   = "%%CITATION = PHLTA,8,214;%%"
}

@incollection{Zweig:1964jf,
      author         = "Zweig, G.",
      title          = "{An SU(3) model for strong interaction symmetry and its
                        breaking. Version 2}",
      editor         = "Lichtenberg, D.B. and Rosen, Simon Peter",
      booktitle      = "Developments in the quark theory of hadrons. VOL. 1. 1964
                        - 1978",
      url            = "http://inspirehep.net/record/4674/files/cern-th-412.pdf",
      journal        = "Developments in the Quark Theory of Hadrons, Volume 1.
                        Edited by D. Lichtenberg and S. Rosen. pp. 22-101",
      pages          = "22-101",
      year           = "1964",
      reportNumber   = "CERN-TH-412, NP-14146, PRINT-64-170",
      SLACcitation   = "%%CITATION = CERN-TH-412;%%"
}

@article{PhysRev.43.491,
  title = {The Positive Electron},
  author = {Anderson, Carl D.},
  journal = {Phys. Rev.},
  volume = {43},
  issue = {6},
  pages = {491--494},
  numpages = {0},
  year = {1933},
  month = {Mar},
  publisher = {American Physical Society},
  doi = {10.1103/PhysRev.43.491},
  url = {https://link.aps.org/doi/10.1103/PhysRev.43.491}
}

@article {Dirac610,
  title = {The quantum theory of the electron},
  volume = {117},
  number = {778},
  pages = {610--624},
  year = {1928},
  doi = {10.1098/rspa.1928.0023},
  publisher = {The Royal Society},
  issn = {0950-1207},
  URL = {http://rspa.royalsocietypublishing.org/content/117/778/610},
  eprint = {http://rspa.royalsocietypublishing.org/content/117/778/610.full.pdf},
  journal = {Proceedings of the Royal Society of London A: Mathematical, Physical and Engineering Sciences}
}

@article{Aaboud:2017bwk,
      author         = "Aaboud, Morad and others",
      title          = "{Evidence for light-by-light scattering in heavy-ion
                        collisions with the ATLAS detector at the LHC}",
      collaboration  = "ATLAS collaboration",
      journal        = "Nature Phys.",
      volume         = "13",
      year           = "2017",
      number         = "9",
      pages          = "852-858",
      doi            = "10.1038/nphys4208",
      eprint         = "1702.01625",
      archivePrefix  = "arXiv",
      primaryClass   = "hep-ex",
      reportNumber   = "CERN-EP-2016-316",
      SLACcitation   = "%%CITATION = ARXIV:1702.01625;%%"
}
@article{20121,
  title = "{Observation of a new particle in the search for the Standard Model Higgs boson with the ATLAS detector at the LHC}",
  journal = "Physics Letters B",
  volume = "716",
  number = "1",
  pages = "1 - 29",
  year = "2012",
  issn = "0370-2693",
  doi = "https://doi.org/10.1016/j.physletb.2012.08.020",
  url = "http://www.sciencedirect.com/science/article/pii/S037026931200857X",
  author = "Aad, G. and others",
  collaboration  = "ATLAS collaboration",
}

@article{201230,
  title = "{Observation of a new boson at a mass of 125 GeV with the CMS experiment at the LHC}",
  journal = "Physics Letters B",
  volume = "716",
  number = "1",
  pages = "30 - 61",
  year = "2012",
  issn = "0370-2693",
  doi = "https://doi.org/10.1016/j.physletb.2012.08.021",
  url = "http://www.sciencedirect.com/science/article/pii/S0370269312008581",
  author = "Chatrchyan, S. and others",
  collaboration  = "CMS collaboration",
  keywords = "CMS, Physics, Higgs"
}

@article{PhysRevLett.115.072001,
  title = "{Observation of $J/\ensuremath{\psi}p$ Resonances Consistent with Pentaquark States in ${\mathrm{\ensuremath{\Lambda}}}_{b}^{0}\ensuremath{\rightarrow}J/\ensuremath{\psi}{K}^{\ensuremath{-}}p$ Decays}",
  author = {Aaij, R. and others},
  collaboration = {LHCb Collaboration},
  journal = {Phys. Rev. Lett.},
  volume = {115},
  issue = {7},
  pages = {072001},
  numpages = {15},
  year = {2015},
  month = {Aug},
  publisher = {American Physical Society},
  doi = {10.1103/PhysRevLett.115.072001},
  url = {https://link.aps.org/doi/10.1103/PhysRevLett.115.072001}
}

@article{PhysRevLett.91.262001,
  title = "{Observation of a Narrow Charmoniumlike State in Exclusive ${B}^{\ifmmode\pm\else\textpm\fi{}}\ensuremath{\rightarrow}{K}^{\ifmmode\pm\else\textpm\fi{}}{\ensuremath{\pi}}^{+}{\ensuremath{\pi}}^{\ensuremath{-}}J/\ensuremath{\psi}$ Decays}",
  author = {Choi, S.-K. and others},
  collaboration = {Belle Collaboration},
  journal = {Phys. Rev. Lett.},
  volume = {91},
  issue = {26},
  pages = {262001},
  numpages = {6},
  year = {2003},
  month = {Dec},
  publisher = {American Physical Society},
  doi = {10.1103/PhysRevLett.91.262001},
  url = {https://link.aps.org/doi/10.1103/PhysRevLett.91.262001}
}

@article{PhysRevLett.13.508,
  title = {Broken Symmetries and the Masses of Gauge Bosons},
  author = {Higgs, Peter W.},
  journal = {Phys. Rev. Lett.},
  volume = {13},
  issue = {16},
  pages = {508--509},
  numpages = {0},
  year = {1964},
  month = {Oct},
  publisher = {American Physical Society},
  doi = {10.1103/PhysRevLett.13.508},
  url = {https://link.aps.org/doi/10.1103/PhysRevLett.13.508}
}

@article{PhysRevLett.13.321,
  title = {Broken Symmetry and the Mass of Gauge Vector Mesons},
  author = {Englert, F. and Brout, R.},
  journal = {Phys. Rev. Lett.},
  volume = {13},
  issue = {9},
  pages = {321--323},
  numpages = {0},
  year = {1964},
  month = {Aug},
  publisher = {American Physical Society},
  doi = {10.1103/PhysRevLett.13.321},
  url = {https://link.aps.org/doi/10.1103/PhysRevLett.13.321}
}

@article{PhysRev.105.1413,
  title = "{Experimental Test of Parity Conservation in Beta Decay}",
  author = {Wu, C. S. and Ambler, E. and Hayward, R. W. and Hoppes, D. D. and Hudson, R. P.},
  journal = {Phys. Rev.},
  volume = {105},
  issue = {4},
  pages = {1413--1415},
  numpages = {0},
  year = {1957},
  month = {Feb},
  publisher = {American Physical Society},
  doi = {10.1103/PhysRev.105.1413},
  url = {https://link.aps.org/doi/10.1103/PhysRev.105.1413}
}

@article{Glashow:1959wxa,
      author         = "Glashow, Sheldon L.",
      title          = "{The renormalizability of vector meson interactions}",
      journal        = "Nucl. Phys.",
      volume         = "10",
      year           = "1959",
      pages          = "107-117",
      doi            = "10.1016/0029-5582(59)90196-8",
      SLACcitation   = "%%CITATION = NUPHA,10,107;%%"
}
@article{Salam:1968rm,
      author         = "Salam, Abdus",
      title          = "{Weak and Electromagnetic Interactions}",
      booktitle      = "{8th Nobel Symposium Lerum, Sweden, May 19-25, 1968}",
      journal        = "Conf. Proc.",
      volume         = "C680519",
      year           = "1968",
      pages          = "367-377",
      SLACcitation   = "%%CITATION = CONFP,C680519,367;%%"
}

@article{Weinberg:1967tq,
      author         = "Weinberg, Steven",
      title          = "{A Model of Leptons}",
      journal        = "Phys. Rev. Lett.",
      volume         = "19",
      year           = "1967",
      pages          = "1264-1266",
      doi            = "10.1103/PhysRevLett.19.1264",
      SLACcitation   = "%%CITATION = PRLTA,19,1264;%%"
}

@article{PhysRevLett.10.531,
  title = "{Unitary Symmetry and Leptonic Decays}",
  author = {Cabibbo, Nicola},
  journal = {Phys. Rev. Lett.},
  volume = {10},
  issue = {12},
  pages = {531--533},
  numpages = {0},
  year = {1963},
  month = {Jun},
  publisher = {American Physical Society},
  doi = {10.1103/PhysRevLett.10.531},
  url = {https://link.aps.org/doi/10.1103/PhysRevLett.10.531}
}

@article{PhysRevD.2.1285,
  title = "{Weak Interactions with Lepton-Hadron Symmetry}",
  author = {Glashow, S. L. and Iliopoulos, J. and Maiani, L.},
  journal = {Phys. Rev. D},
  volume = {2},
  issue = {7},
  pages = {1285--1292},
  numpages = {0},
  year = {1970},
  month = {Oct},
  publisher = {American Physical Society},
  doi = {10.1103/PhysRevD.2.1285},
  url = {https://link.aps.org/doi/10.1103/PhysRevD.2.1285}
}

@article{CKM,
  author = {Kobayashi, Makoto and Maskawa, Toshihide},
  title = "{CP-Violation in the Renormalizable Theory of Weak Interaction}",
  journal = {Progress of Theoretical Physics},
  volume = {49},
  number = {2},
  pages = {652-657},
  year = {1973},
  doi = {10.1143/PTP.49.652},
  URL = {http://dx.doi.org/10.1143/PTP.49.652},
}

@article{PhysRevLett.51.1945,
  title = "{Parametrization of the Kobayashi-Maskawa Matrix}",
  author = {Wolfenstein, Lincoln},
  journal = {Phys. Rev. Lett.},
  volume = {51},
  issue = {21},
  pages = {1945--1947},
  numpages = {0},
  year = {1983},
  month = {Nov},
  publisher = {American Physical Society},
  doi = {10.1103/PhysRevLett.51.1945},
  url = {https://link.aps.org/doi/10.1103/PhysRevLett.51.1945}
}

@Article{Mehraban2016,
author="Mehraban, Hossein
and Asadi, Amin",
title="{Effects of Final State Interactions in Pure Annihilation Decay of \decay{\Bp}{\Dp\Kstarz} }",
journal="Physics of Particles and Nuclei Letters",
year="2016",
month="Jan",
day="01",
volume="13",
number="1",
pages="53--58",
issn="1531-8567",
doi="10.1134/S1547477116010155",
url="https://doi.org/10.1134/S1547477116010155"
}

@article{OKUBO1963165,
title = "{\phiz-meson and unitary symmetry model}",
journal = "Physics Letters",
volume = "5",
number = "2",
pages = "165 - 168",
year = "1963",
issn = "0031-9163",
doi = "10.1016/S0375-9601(63)92548-9",
url = "http://www.sciencedirect.com/science/article/pii/S0375960163925489",
author = "S. Okubo"
}

@article{PhysRevD.79.074006,
  title = "{$\ensuremath{\omega}\ensuremath{-}\ensuremath{\phi}$ mixing and weak annihilation in ${D}_{s}$ decays}",
  author = {Gronau, Michael and Rosner, Jonathan L.},
  journal = {Phys. Rev. D},
  volume = {79},
  issue = {7},
  pages = {074006},
  numpages = {8},
  year = {2009},
  month = {Apr},
  publisher = {American Physical Society},
  doi = {10.1103/PhysRevD.79.074006},
  url = {https://link.aps.org/doi/10.1103/PhysRevD.79.074006},
}

@article{PhysRevD.92.051102,
  title = "{Measurement of the branching fraction of ${B}^{+}\ensuremath{\rightarrow}{\ensuremath{\tau}}^{+}{\ensuremath{\nu}}_{\ensuremath{\tau}}$ decays with the semileptonic tagging method}",
  author = {Kronenbitter, B. and others},
  collaboration = {Belle Collaboration},
  journal = {Phys. Rev. D},
  volume = {92},
  issue = {5},
  pages = {051102},
  numpages = {8},
  year = {2015},
  month = {Sep},
  publisher = {American Physical Society},
  doi = {10.1103/PhysRevD.92.051102},
  url = {https://link.aps.org/doi/10.1103/PhysRevD.92.051102}
}

@article{SATOYAMA200767,
  title = "{A search for the rare leptonic decays \decay{\Bp}{\mup\neum} and \decay{\Bp}{\ep\neue}}",
  journal = "Physics Letters B",
  volume = "647",
  number = "2",
  pages = "67 - 73",
  year = "2007",
  issn = "0370-2693",
  doi = "10.1016/j.physletb.2007.01.068",
  url = "http://www.sciencedirect.com/science/article/pii/S037026930700192X",
  author = "N. Satoyama and others",
  collaboration = {Belle Collaboration},
  keywords = "Leptonic,  decay"
}

@article{PhysRevD.79.091101,
  title = "{Search for the rare leptonic decays ${B}^{+}\ensuremath{\rightarrow}{l}^{+}{\ensuremath{\nu}}_{l}$ ($l=e,\ensuremath{\mu}$)}",
  author = {Aubert, B. and others},
  collaboration = {BABAR Collaboration},
  journal = {Phys. Rev. D},
  volume = {79},
  issue = {9},
  pages = {091101},
  numpages = {9},
  year = {2009},
  month = {May},
  publisher = {American Physical Society},
  doi = {10.1103/PhysRevD.79.091101},
  url = {https://link.aps.org/doi/10.1103/PhysRevD.79.091101}
}

@article{PhysRev.76.749,
  title = "{The Theory of Positrons}",
  author = {Feynman, R. P.},
  journal = {Phys. Rev.},
  volume = {76},
  issue = {6},
  pages = {749--759},
  numpages = {0},
  year = {1949},
  month = {Sep},
  publisher = {American Physical Society},
  doi = {10.1103/PhysRev.76.749},
  url = {https://link.aps.org/doi/10.1103/PhysRev.76.749}
}

@article{PhysRevLett.50.881,
  title = "{Observation of Exclusive Decay Modes of $b$-Flavored Mesons}",
  author = {Behrends, S. and others},
  journal = {Phys. Rev. Lett.},
  volume = {50},
  issue = {12},
  pages = {881--884},
  numpages = {0},
  year = {1983},
  month = {Mar},
  publisher = {American Physical Society},
  doi = {10.1103/PhysRevLett.50.881},
  url = {https://link.aps.org/doi/10.1103/PhysRevLett.50.881}
}

@article{Sakharov:1967dj,
      author         = "Sakharov, A. D.",
      title          = "{Violation of CP Invariance, C asymmetry, and baryon
                        asymmetry of the universe}",
      journal        = "Pisma Zh. Eksp. Teor. Fiz.",
      volume         = "5",
      year           = "1967",
      pages          = "32-35",
      doi            = "10.1070/PU1991v034n05ABEH002497",
      note           = "[Usp. Fiz. Nauk161,no.5,61(1991)]",
      SLACcitation   = "%%CITATION = ZFPRA,5,32;%%"
}

@Article{vonBallmoos2014,
  author="von Ballmoos, Peter",
  title="{Antimatter in the Universe: constraints from gamma-ray astronomy}",
  journal="Hyperfine Interactions",
  year="2014",
  month="Oct",
  day="01",
  volume="228",
  number="1",
  pages="91--100",
  doi="10.1007/s10751-014-1024-9",
  url="https://doi.org/10.1007/s10751-014-1024-9"
}

@article{PhysRevLett.13.138,
  title = "{Evidence for the $2\ensuremath{\pi}$ Decay of the $K_{2}^{0}$ Meson}",
  author = {Christenson, J. H. and Cronin, J. W. and Fitch, V. L. and Turlay, R.},
  journal = {Phys. Rev. Lett.},
  volume = {13},
  issue = {4},
  pages = {138--140},
  numpages = {0},
  year = {1964},
  month = {Jul},
  publisher = {American Physical Society},
  doi = {10.1103/PhysRevLett.13.138},
  url = {https://link.aps.org/doi/10.1103/PhysRevLett.13.138}
}

